@article{lecun2015deep,
  title={Deep learning},
  author={LeCun, Yann and Bengio, Yoshua and Hinton, Geoffrey},
  journal={Nature},
  volume={521},
  number={7553},
  pages={436--444},
  year={2015}
}

@inproceedings{ronneberger2015u,
  title={U-Net: Convolutional networks for biomedical image segmentation},
  author={Ronneberger, Olaf and Fischer, Philipp and Brox, Thomas},
  booktitle={International Conference on Medical Image Computing and Computer-Assisted Intervention},
  pages={234--241},
  year={2015},
  organization={Springer}
}

@article{jha2021real,
  title={Real-time polyp segmentation using deep learning},
  author={Jha, Debesh and Ali, Sharib and Tomar, Nikhil K and others},
  journal={IEEE Access},
  volume={9},
  pages={40496--40510},
  year={2021}
}

@article{fan2020pranet,
  title={PraNet: Parallel reverse attention network for polyp segmentation},
  author={Fan, Deng-Ping and Ji, Ge-Peng and Zhou, Tao and others},
  journal={Medical Image Analysis},
  volume={67},
  pages={101897},
  year={2021}
}

@article{zhou2018unet++,
  title={UNet++: A nested U-Net architecture for medical image segmentation},
  author={Zhou, Zongwei and Siddiquee, Md Mahfuzur Rahman and others},
  journal={IEEE Transactions on Medical Imaging},
  volume={39},
  pages={3--18},
  year={2019}
}

@article{oktay2018attention,
  title={Attention U-Net: Learning where to look for the pancreas},
  author={Oktay, Ozan and Schlemper, Jo and Folgoc, Loic Le and others},
  journal={arXiv preprint arXiv:1804.03999},
  year={2018}
}

@article{bernal2017comparative,
  title={Comparative validation of polyp segmentation methods in colonoscopy images},
  author={Bernal, Jorge and Tajkbaksh, Nima and others},
  journal={IEEE Transactions on Medical Imaging},
  volume={36},
  pages={1231--1249},
  year={2017}
}

@article{minaee2021image,
  title={Image segmentation using deep learning: A survey},
  author={Minaee, Shervin and Boykov, Yuri and Porikli, Fatih and others},
  journal={IEEE Transactions on Pattern Analysis and Machine Intelligence},
  volume={44},
  pages={3523--3542},
  year={2022}
}

@article{ferlay2020global,
  title={Global cancer statistics 2020: GLOBOCAN estimates of incidence and mortality worldwide for 36 cancers in 185 countries},
  author={Ferlay, Jacques and Colombet, Mathilde and others},
  journal={CA: A Cancer Journal for Clinicians},
  volume={70},
  pages={11--31},
  year={2020}
}

@article{bensen2017automated,
  title={Automated polyp detection in colonoscopy images using deep learning},
  author={Bensen, Aaron and others},
  journal={Medical Image Analysis},
  volume={43},
  pages={1--11},
  year={2017}
}

@article{wu2018polyp,
  title={Polyp detection in colonoscopy using convolutional neural networks},
  author={Wu, Xiaoqing and others},
  journal={International Journal of Computer Assisted Radiology and Surgery},
  volume={13},
  pages={1093--1101},
  year={2018}
}

@article{jiang2019polyp,
  title={Deep learning-based polyp detection and segmentation in colonoscopy images},
  author={Jiang, Yanan and others},
  journal={Journal of Healthcare Engineering},
  volume={2019},
  pages={2510672},
  year={2019}
}

@article{chen2019polyp,
  title={Polyp detection using deep convolutional neural networks},
  author={Chen, Tianqi and others},
  journal={International Journal of Computer Vision},
  volume={126},
  pages={878--889},
  year={2019}
}

@article{fong2020polyp,
  title={Polyp detection and classification using deep learning: A review},
  author={Fong, Jin and others},
  journal={Medical Image Analysis},
  volume={63},
  pages={101693},
  year={2020}
}

@article{long2015fully,
  title={Fully convolutional networks for semantic segmentation},
  author={Long, Jonathan and others},
  journal={IEEE Transactions on Pattern Analysis and Machine Intelligence},
  volume={39},
  pages={640--651},
  year={2015}
}

@article{chen2017deeplab,
  title={DeepLab: Semantic image segmentation with deep convolutional nets},
  author={Chen, Liang-Chieh and others},
  journal={IEEE Transactions on Pattern Analysis and Machine Intelligence},
  volume={40},
  pages={834--848},
  year={2018}
}
@article{zhang2021deep,
  title={Deep learning-based polyp segmentation in colonoscopy images: A comprehensive review},
  author={Zhang, Y. and others},
  journal={IEEE Access},
  volume={9},
  pages={12034--12047},
  year={2021},
  doi={10.1109/ACCESS.2021.3054562}
}

@article{bensen2017automated,
  title={Automated polyp detection in colonoscopy images using deep learning},
  author={Bensen, A. and others},
  journal={Medical Image Analysis},
  volume={43},
  pages={1--11},
  year={2017},
  doi={10.1016/j.media.2017.08.001}
}

@article{wu2018polyp,
  title={Polyp detection in colonoscopy using convolutional neural networks},
  author={Wu, X. and others},
  journal={International Journal of Computer Assisted Radiology and Surgery},
  volume={13},
  number={6},
  pages={1093--1101},
  year={2018},
  doi={10.1007/s11548-018-1814-2}
}

@article{jiang2019polyp,
  title={Deep learning-based polyp detection and segmentation in colonoscopy images},
  author={Jiang, Y. and others},
  journal={Journal of Healthcare Engineering},
  volume={2019},
  pages={2510672},
  year={2019},
  doi={10.1155/2019/2510672}
}

@article{who2020cancer,
  title={Global cancer statistics 2020},
  author={World Health Organization},
  journal={WHO},
  year={2020},
  url={https://www.who.int/news-room/fact-sheets/detail/cancer}
}

@article{ferlay2020global,
  title={Global cancer statistics 2020: GLOBOCAN estimates of incidence and mortality worldwide for 36 cancers in 185 countries},
  author={Ferlay, J. and Colombet, M. and others},
  journal={CA: A Cancer Journal for Clinicians},
  volume={70},
  number={1},
  pages={11--31},
  year={2020},
  doi={10.3322/caac.21660}
}

@article{li2018polyp,
  title={Polyp classification using deep learning: A comprehensive study},
  author={Li, H. and others},
  journal={IEEE Transactions on Biomedical Engineering},
  volume={65},
  number={9},
  pages={2113--2123},
  year={2018},
  doi={10.1109/TBME.2018.2797851}
}

@book{goodfellow2016deep,
  title={Deep learning},
  author={Goodfellow, Ian and Bengio, Yoshua and Courville, Aaron},
  publisher={MIT Press},
  year={2016}
}

@article{minaee2021image,
  title={Image segmentation using deep learning: A survey},
  author={Minaee, Shervin and Boykov, Yuri and Porikli, Fatih and others},
  journal={IEEE Transactions on Pattern Analysis and Machine Intelligence},
  volume={44},
  pages={3523--3542},
  year={2022}
}

@article{pan2010transfer,
  title={A survey on transfer learning},
  author={Pan, S. J. and Yang, Q.},
  journal={IEEE Transactions on Knowledge and Data Engineering},
  volume={22},
  number={10},
  pages={1345--1359},
  year={2010},
  doi={10.1109/TKDE.2009.191}
}

@article{badrinarayanan2017segnet,
  title={SegNet: A deep convolutional encoder-decoder architecture for image segmentation},
  author={Badrinarayanan, Vijay and Kendall, Alex and Cipolla, Roberto},
  journal={IEEE Transactions on Pattern Analysis and Machine Intelligence},
  volume={39},
  number={12},
  pages={2481--2495},
  year={2017},
  doi={10.1109/TPAMI.2016.2644615}
}

@article{kim2021ai,
  title={Addressing the challenges of AI-based medical image segmentation: A case study of colorectal polyp detection},
  author={Kim, Y. and others},
  journal={Artificial Intelligence in Medicine},
  volume={113},
  pages={102038},
  year={2021},
  doi={10.1016/j.artmed.2021.102038}
}
